@book{cheng2014professional,
  title={Professional CUDA c programming},
  author={Cheng, John and Grossman, Max and McKercher, Ty},
  year={2014},
  publisher={John Wiley \& Sons}
}

@article{guide2013cuda,
  title={Cuda c programming guide},
  author={Guide, Design},
  journal={NVIDIA, July},
  volume={29},
  pages={31},
  year={2013}
}